@article{viana1999padrao,
  title={Padr{\~a}o IEEE 754 para Aritm{\'e}tica Bin{\'a}ria de Ponto Flutuante},
  author={Gerardo Valdisio Rodrigues Viana},
  journal={Revista CT},
  volume={1},
  number={1},
  pages={29--33},
  year={1999}
}
@article{juniorarquitetura,
  title={Arquitetura de Computadores},
  author={Vilson Heck Junior}
}
@misc{site,
  title = {Aula 2 - Conceitos de Erros, Notação de ponto flutuante e arredondamento dia 05},
  howpublished = {\url{http://www.ebah.com.br/content/ABAAAgGWgAB/aula-2-conceitos-erros-notacao-ponto-flutuante-arredondamento-dia-05-agosto-2013}},
  note = {Accessed: 2016-04-18},
  author = {Allan Gomes dos Santos}
}
@book{pastura2014arquitetura,
  title={Arquitetura de Computadores: uma abordagem quantitativa},
  author={Pastura, Angela F Perricone},
  volume={5},
  year={2014},
  publisher={Elsevier Brasil}
}
@misc{nata,
	title = {Análise de Erros Numéricos},
	author = {Nat\~{a} Goulart da Silva},
	year = {2013},
	journal = {Universidade Federal de S\~{a}o Jo\~{a}o Del Rei - UFSJ}
}